@ARTICLE{2003PASP..115..763C,
       author = {{Chabrier}, Gilles},
        title = "{Galactic Stellar and Substellar Initial Mass Function}",
      journal = {\pasp},
     keywords = {Galaxies: Luminosity Function, Mass Function, Invited Reviews, Astrophysics},
         year = 2003,
        month = jul,
       volume = {115},
       number = {809},
        pages = {763-795},
          doi = {10.1086/376392},
archivePrefix = {arXiv},
       eprint = {astro-ph/0304382},
 primaryClass = {astro-ph},
       adsurl = {https://ui.adsabs.harvard.edu/abs/2003PASP..115..763C},
      adsnote = {Provided by the SAO/NASA Astrophysics Data System}
}

@ARTICLE{1975PASJ..27..533M,
       author = {{Miyamoto}, M. and {Nagai}, R.},
        title = "{Three-dimensional models for the distribution of mass in galaxies.}",
      journal = {\pasj},
     keywords = {Astronomical Models, Density Distribution, Galactic Structure, Mass Distribution, Potential Theory, Three Dimensional Models, Functions (Mathematics), Globular Clusters, Gravitational Effects, Mathematical Models, Milky Way Galaxy, Astrophysics},
         year = 1975,
        month = jan,
       volume = {27},
        pages = {533-543},
       adsurl = {https://ui.adsabs.harvard.edu/abs/1975PASJ...27..533M},
      adsnote = {Provided by the SAO/NASA Astrophysics Data System}
}

@article{Price_Whelan_2014,
   title={INFERRING THE GRAVITATIONAL POTENTIAL OF THE MILKY WAY WITH A FEW PRECISELY MEASURED STARS},
   volume={794},
   ISSN={1538-4357},
   url={http://dx.doi.org/10.1088/0004-637X/794/1/4},
   DOI={10.1088/0004-637x/794/1/4},
   number={1},
   journal={The Astrophysical Journal},
   publisher={IOP Publishing},
   author={Price-Whelan, Adrian M. and Hogg, David W. and Johnston, Kathryn V. and Hendel, David},
   year={2014},
   month={Sep},
   pages={4}
}

@article{Bovy_2015,
   title={galpy: A python LIBRARY FOR GALACTIC DYNAMICS},
   volume={216},
   ISSN={1538-4365},
   url={http://dx.doi.org/10.1088/0067-0049/216/2/29},
   DOI={10.1088/0067-0049/216/2/29},
   number={2},
   journal={The Astrophysical Journal Supplement Series},
   publisher={IOP Publishing},
   author={Bovy, Jo},
   year={2015},
   month={Feb},
   pages={29}
}

@ARTICLE{1990ApJ..356..359H,
       author = {{Hernquist}, Lars},
        title = "{An Analytical Model for Spherical Galaxies and Bulges}",
      journal = {\apj},
     keywords = {Computational Astrophysics, Elliptical Galaxies, Galactic Bulge, Galactic Structure, Astronomical Models, Astronomical Photometry, Brightness Distribution, Distribution Functions, Astrophysics, GALAXIES: PHOTOMETRY, GALAXIES: STRUCTURE},
         year = 1990,
        month = jun,
       volume = {356},
        pages = {359},
          doi = {10.1086/168845},
       adsurl = {https://ui.adsabs.harvard.edu/abs/1990ApJ...356..359H},
      adsnote = {Provided by the SAO/NASA Astrophysics Data System}
}

@phdthesis{Lee_1991,
    title    = {Stereo Matching of Skull Landmarks},
    school   = {Stanford Univ.},
    author   = {Byung-Uk, Lee},
    year     = {1991}
}


